% This file was created with JabRef 2.7.2.
% Encoding: Cp1252


@ARTICLE{Li_TPAMI_2006,
  author = {Kang Li and Xiaodong Wu and Danny Z. Chen and Milan Sonka},
  title = {Optimal Surface Segmentation in Volumetric Images-A Graph-Theoretic
	Approach},
  journal = {IEEE Transactions on Pattern Analysis and Machine Intelligence},
  year = {2006},
  volume = {28},
  pages = {119-134},
  publisher = {IEEE Computer Society}
}

